<record><leader>00000cas a22000007a 4500</leader><controlfield tag="001">22583116</controlfield><controlfield tag="008">901025d19851989mnuwr ne      0    0eng d</controlfield><datafield ind1=" " ind2=" " tag="010"><subfield code="a">sn 90060636 </subfield></datafield><datafield ind1=" " ind2=" " tag="040"><subfield code="a">MN#</subfield><subfield code="b">eng</subfield><subfield code="c">MN#</subfield><subfield code="d">OCLCQ</subfield><subfield code="d">OCLCF</subfield><subfield code="d">OCLCO</subfield></datafield><datafield ind1="1" ind2=" " tag="029"><subfield code="a">AU@</subfield><subfield code="b">000025909305</subfield></datafield><datafield ind1=" " ind2=" " tag="042"><subfield code="a">msc</subfield></datafield><datafield ind1=" " ind2=" " tag="043"><subfield code="a">n-us-mn</subfield></datafield><datafield ind1=" " ind2=" " tag="052"><subfield code="a">4144</subfield><subfield code="b">N28</subfield><subfield code="b">A33</subfield><subfield code="b">L36</subfield></datafield><datafield ind1=" " ind2=" " tag="052"><subfield code="a">4143</subfield><subfield code="b">H8</subfield></datafield><datafield ind1="0" ind2=" " tag="130"><subfield code="a">Independent (Nevis, Minn.)</subfield></datafield><datafield ind1="1" ind2="0" tag="245"><subfield code="a">Independent.</subfield></datafield><datafield ind1="1" ind2="3" tag="246"><subfield code="a">Hubbard County independent</subfield></datafield><datafield ind1=" " ind2=" " tag="260"><subfield code="a">Nevis, MN :</subfield><subfield code="b">Olson Communications,</subfield><subfield code="c">1985-1989.</subfield></datafield><datafield ind1=" " ind2=" " tag="300"><subfield code="a">5 v.</subfield></datafield><datafield ind1=" " ind2=" " tag="310"><subfield code="a">Weekly</subfield></datafield><datafield ind1="0" ind2=" " tag="362"><subfield code="a">Vol. 24, no. 3 (Jan. 17, 1985)-v. 28, no. 34 (Aug. 24, 1989).</subfield></datafield><datafield ind1=" " ind2=" " tag="521"><subfield code="a">Serving Nevis, Akeley, and Laporte.</subfield></datafield><datafield ind1=" " ind2=" " tag="530"><subfield code="a">Available on microfilm from the Minnesota Historical Society.</subfield></datafield><datafield ind1=" " ind2="0" tag="651"><subfield code="a">Nevis (Minn.)</subfield><subfield code="v">Newspapers.</subfield></datafield><datafield ind1=" " ind2="0" tag="651"><subfield code="a">Laporte (Minn.)</subfield><subfield code="v">Newspapers.</subfield></datafield><datafield ind1=" " ind2="0" tag="651"><subfield code="a">Akeley (Minn.)</subfield><subfield code="v">Newspapers.</subfield></datafield><datafield ind1=" " ind2="7" tag="655"><subfield code="a">Newspapers.</subfield><subfield code="2">fast</subfield><subfield code="0">(OCoLC)fst01423814</subfield></datafield><datafield ind1=" " ind2="7" tag="651"><subfield code="a">Minnesota</subfield><subfield code="z">Akeley.</subfield><subfield code="2">fast</subfield><subfield code="0">(OCoLC)fst01223277</subfield></datafield><datafield ind1=" " ind2="7" tag="651"><subfield code="a">Minnesota</subfield><subfield code="z">Laporte.</subfield><subfield code="2">fast</subfield><subfield code="0">(OCoLC)fst01283516</subfield></datafield><datafield ind1=" " ind2="7" tag="651"><subfield code="a">Minnesota</subfield><subfield code="z">Nevis.</subfield><subfield code="2">fast</subfield><subfield code="0">(OCoLC)fst01238786</subfield></datafield><datafield ind1=" " ind2=" " tag="752"><subfield code="a">United States</subfield><subfield code="b">Minnesota</subfield><subfield code="c">Hubbard</subfield><subfield code="d">Nevis.</subfield></datafield><datafield ind1=" " ind2=" " tag="752"><subfield code="a">United States</subfield><subfield code="b">Minnesota</subfield><subfield code="c">Hubbard</subfield><subfield code="d">Akeley.</subfield></datafield><datafield ind1=" " ind2=" " tag="752"><subfield code="a">United States</subfield><subfield code="b">Minnesota</subfield><subfield code="c">Hubbard</subfield><subfield code="d">Laporte.</subfield></datafield><datafield ind1="0" ind2="0" tag="780"><subfield code="t">Hubbard County independent</subfield><subfield code="w">(DLC)sn 90060637</subfield></datafield><datafield ind1="0" ind2="0" tag="785"><subfield code="t">Northwoods press (Nevis, Minn. : 1989)</subfield><subfield code="w">(DLC)sn 90060638</subfield></datafield></record>